{
  "leader": "04121cam a2200505 i 4500",
  "fields": [
    {
      "001": "ocm06344785\\"
    },
    {
      "003": "OCoLC"
    },
    {
      "005": "20220106114659.0"
    },
    {
      "008": "800721s1980\\\\\\\\nju\\\\\\\\\\\\b\\\\\\\\101\\0\\eng\\\\"
    },
    {
      "010": {
        "ind1": "\\",
        "ind2": "\\",
        "subfields": [
          {
            "a": "   80116486 "
          }
        ]
      }
    },
    {
      "040": {
        "ind1": "\\",
        "ind2": "\\",
        "subfields": [
          {
            "a": "DLC"
          },
          {
            "b": "eng"
          },
          {
            "c": "DLC"
          },
          {
            "d": "OCL"
          },
          {
            "d": "MUQ"
          },
          {
            "d": "BTCTA"
          },
          {
            "d": "OCLCO"
          },
          {
            "d": "GGB"
          },
          {
            "d": "OCLCF"
          },
          {
            "d": "OCLCQ"
          },
          {
            "d": "OCL"
          },
          {
            "d": "NLC"
          },
          {
            "d": "OCLCQ"
          },
          {
            "d": "YBM"
          },
          {
            "d": "ZID"
          },
          {
            "d": "NYHOF"
          },
          {
            "d": "OCLCQ"
          },
          {
            "d": "VRC"
          },
          {
            "d": "OCLCO"
          }
        ]
      }
    },
    {
      "016": {
        "ind1": "\\",
        "ind2": "\\",
        "subfields": [
          {
            "a": "(AMICUS)000002237104"
          }
        ]
      }
    },
    {
      "019": {
        "ind1": "\\",
        "ind2": "\\",
        "subfields": [
          {
            "a": "1052757700"
          },
          {
            "a": "1277102584"
          }
        ]
      }
    },
    {
      "020": {
        "ind1": "\\",
        "ind2": "\\",
        "subfields": [
          {
            "a": "0847662497"
          }
        ]
      }
    },
    {
      "020": {
        "ind1": "\\",
        "ind2": "\\",
        "subfields": [
          {
            "a": "9780847662494"
          }
        ]
      }
    },
    {
      "035": {
        "ind1": "\\",
        "ind2": "\\",
        "subfields": [
          {
            "a": "(OCoLC)6344785"
          },
          {
            "z": "(OCoLC)1052757700"
          },
          {
            "z": "(OCoLC)1277102584"
          }
        ]
      }
    },
    {
      "043": {
        "ind1": "\\",
        "ind2": "\\",
        "subfields": [
          {
            "a": "n-us---"
          }
        ]
      }
    },
    {
      "050": {
        "ind1": "0",
        "ind2": "0",
        "subfields": [
          {
            "a": "B893"
          },
          {
            "b": ".B53 1976"
          }
        ]
      }
    },
    {
      "082": {
        "ind1": "0",
        "ind2": "4",
        "subfields": [
          {
            "a": "191"
          },
          {
            "b": "BIC"
          }
        ]
      }
    },
    {
      "111": {
        "ind1": "2",
        "ind2": "\\",
        "subfields": [
          {
            "a": "Bicentennial Symposium of Philosophy"
          },
          {
            "d": "(1976 :"
          },
          {
            "c": "New York, N.Y.)"
          }
        ]
      }
    },
    {
      "245": {
        "ind1": "1",
        "ind2": "0",
        "subfields": [
          {
            "a": "Two centuries of philosophy in America /"
          },
          {
            "c": "edited and with an introd. by Peter Caws."
          }
        ]
      }
    },
    {
      "260": {
        "ind1": "\\",
        "ind2": "\\",
        "subfields": [
          {
            "a": "Totowa, New Jersey :"
          },
          {
            "b": "Rowman and Littlefield,"
          },
          {
            "c": "\u00a91980."
          }
        ]
      }
    },
    {
      "300": {
        "ind1": "\\",
        "ind2": "\\",
        "subfields": [
          {
            "a": "xvii, 381 pages ;"
          },
          {
            "c": "22 cm"
          }
        ]
      }
    },
    {
      "336": {
        "ind1": "\\",
        "ind2": "\\",
        "subfields": [
          {
            "a": "text"
          },
          {
            "b": "txt"
          },
          {
            "2": "rdacontent"
          }
        ]
      }
    },
    {
      "337": {
        "ind1": "\\",
        "ind2": "\\",
        "subfields": [
          {
            "a": "unmediated"
          },
          {
            "b": "n"
          },
          {
            "2": "rdamedia"
          }
        ]
      }
    },
    {
      "338": {
        "ind1": "\\",
        "ind2": "\\",
        "subfields": [
          {
            "a": "volume"
          },
          {
            "b": "nc"
          },
          {
            "2": "rdacarrier"
          }
        ]
      }
    },
    {
      "490": {
        "ind1": "1",
        "ind2": "\\",
        "subfields": [
          {
            "a": "APQ library of philosophy"
          }
        ]
      }
    },
    {
      "500": {
        "ind1": "\\",
        "ind2": "\\",
        "subfields": [
          {
            "a": "Consists mainly of papers presented at the Bicentennial Symposium of Philosophy held in New York City, Oct. 7-10, 1976."
          }
        ]
      }
    },
    {
      "504": {
        "ind1": "\\",
        "ind2": "\\",
        "subfields": [
          {
            "a": "Includes bibliographical references and index."
          }
        ]
      }
    },
    {
      "505": {
        "ind1": "0",
        "ind2": "\\",
        "subfields": [
          {
            "a": "Philosophy at the bicentennial / Peter Caws -- Some philosophers and the declaration of independence / Andrew J. Reck -- Religious liberalism and the founding fathers / Nicholas Gier -- Thinking about individual liberties in revolutionary America / Roscoe Hill -- The materialism of Jefferson / Winfield E. Nagley -- Peirce on truth / H.S. Thayer -- Peirce on our knowledge of mind: a neglected third approach / E. James Crombie."
          }
        ]
      }
    },
    {
      "505": {
        "ind1": "0",
        "ind2": "\\",
        "subfields": [
          {
            "a": "C.S. Peirce's critique of psychologism / Charles J. Dougherty -- Some interesting connections between the common sense realists and the pragmatists, especially James / Elizabeth Flower -- William James's theory of truth phenomenologically considered / Bruce Wilshire -- Royce, pragmatism, and the egocentric predicament / Robert L. Holmes -- The 'Yes\" and \"No\" consciousness / Brenda Jubin."
          }
        ]
      }
    },
    {
      "505": {
        "ind1": "0",
        "ind2": "\\",
        "subfields": [
          {
            "a": "Reality revisited: the controlled ambiguity of Santayana's realms / Morris Grossman -- Some remarks on Snatayana's scepticism / Herman J. Saatkamp, Jr. -- Santayana's unnatural naturalism / John J. Stuhr -- Reflections on the metaphysics of John Dewey: experience and nature / Sidney Hook -- Dewey's view of experience and culture / Lewis E. Hahn -- Dewey on religion / Jude P. Dougherty."
          }
        ]
      }
    },
    {
      "505": {
        "ind1": "0",
        "ind2": "\\",
        "subfields": [
          {
            "a": "Receptivity, change and relevance: some hallmarks of philosophy in America / John E. Smith -- The distinctiveness of American philosophy / T.L.S. Sprigge -- The contemporary American synthesis / A.C. Genova -- Genteel syntheses, professional analyses, transcendentalist culture / Richard Rorty -- Philosophical prospects for a new world / John J. McDermott -- Realism / Ronald Dworkin."
          }
        ]
      }
    },
    {
      "505": {
        "ind1": "0",
        "ind2": "\\",
        "subfields": [
          {
            "a": "On Ronald Dworkin's liberalism and conservatism / Virginia Held -- Two ways of justifying civil disobedience / Rex Martin -- Critical philosophy and social change / Mihailo Markovic -- Philosophy and moral standards / William K. Frankena -- Moral philosophy at the bicentennial: comments on Frankena's \"Philosophy and the Moral Standards\" / Abraham Edel -- Philosophical prospects for a new world / Judith Harvis Thomson -- Education and morality / Richard T. De George -- Philosophy, technology and the quality of life / John A. Passmore."
          }
        ]
      }
    },
    {
      "520": {
        "ind1": "\\",
        "ind2": "\\",
        "subfields": [
          {
            "a": "This book is witness to the fact that philosophy has had, and an affirmation of the belief that it ought to have, an essential role in the following of that path."
          }
        ]
      }
    },
    {
      "650": {
        "ind1": "\\",
        "ind2": "0",
        "subfields": [
          {
            "a": "Philosophy, American"
          },
          {
            "y": "19th century"
          },
          {
            "v": "Congresses."
          }
        ]
      }
    },
    {
      "650": {
        "ind1": "\\",
        "ind2": "0",
        "subfields": [
          {
            "a": "Philosophy, American"
          },
          {
            "y": "20th century"
          },
          {
            "v": "Congresses."
          }
        ]
      }
    },
    {
      "650": {
        "ind1": "\\",
        "ind2": "7",
        "subfields": [
          {
            "a": "Philosophy, American."
          },
          {
            "2": "fast"
          },
          {
            "0": "(OCoLC)fst01060855"
          }
        ]
      }
    },
    {
      "648": {
        "ind1": "\\",
        "ind2": "7",
        "subfields": [
          {
            "a": "1800-1999"
          },
          {
            "2": "fast"
          }
        ]
      }
    },
    {
      "655": {
        "ind1": "\\",
        "ind2": "7",
        "subfields": [
          {
            "a": "Conference papers and proceedings."
          },
          {
            "2": "fast"
          },
          {
            "0": "(OCoLC)fst01423772"
          }
        ]
      }
    },
    {
      "700": {
        "ind1": "1",
        "ind2": "\\",
        "subfields": [
          {
            "a": "Caws, Peter."
          }
        ]
      }
    },
    {
      "830": {
        "ind1": "\\",
        "ind2": "0",
        "subfields": [
          {
            "a": "APQ library of philosophy."
          }
        ]
      }
    },
    {
      "994": {
        "ind1": "\\",
        "ind2": "\\",
        "subfields": [
          {
            "a": "Z0"
          },
          {
            "b": "NYRVC"
          }
        ]
      }
    },
    {
      "948": {
        "ind1": "\\",
        "ind2": "\\",
        "subfields": [
          {
            "h": "NO HOLDINGS IN NYRVC - 497 OTHER HOLDINGS"
          }
        ]
      }
    },
    {
      "999": {
        "ind1": "\\",
        "ind2": "\\",
        "subfields": [
          {
            "a": "00000000016514"
          }
        ]
      }
    }
  ]
}